@misc{attrs,
  title = {attrs: Classes Without Boilerplate},
  author={Hynek Schlawack},
  howpublished = {\url{https://www.attrs.org/}},
  note = {DostÄ™p: 2022.11.20},
}

@article{auto_time_tables,
  title={A survey of the state-of-the-art of optimisation methodologies in school timetabling problems},
  author={Joo Siang Tan and Say Leng Goh and Graham Kendall and Nasser R. Sabar},
  journal={Expert Systems with Applications},
  year={2021},
  volume={165},
}
