@misc{picker,
  title = {{wx.adv.DatePickerCtrl} — {wxPython} {Phoenix} 4.2.0 documentation},
  author={{T}he wxPython Team},
  howpublished = {\url{https://docs.wxpython.org/wx.adv.DatePickerCtrl.html}},
  note = {Dostęp: 2022.12.05},
  }
  
@misc{dt,
  title = {{wx.DateTime} — {wxPython} {Phoenix} 4.2.0 documentation},
  author={{T}he wxPython Team},
  howpublished = {\url{https://docs.wxpython.org/wx.DateTime.html#wx.DateTime}},
  note = {Dostęp: 2022.12.05},
  }
