@misc{mvp_ref,
  title = {MVP: Model-View-Presenter The Taligent Programming Model for C++ and Java},
  author={Mike Potel},
  howpublished = {\url{http://www.wildcrest.com/Potel/Portfolio/mvp.pdf}},
  note = {Dostęp: 2022.11.06},
  key={Z}
}

@misc{layers_design,
  title = {Development of Further Patterns of Enterprise Application Architecture},
  author={Martin Fowler},
  howpublished = {\url{https://www.martinfowler.com/eaaDev/}},
  note = {Dostęp: 2022.11.06},
  key={X}
}
