@misc{no_grayed_out,
  title = {Disable items in wxChoice, or wxComboBox, or other alternative?},
  author={Vadim Zeitlin},
  howpublished = {\url{https://groups.google.com/g/wx-users/c/ivYPVIhyreU}},
  note = {Dostęp: 2022.11.10},
  key={Z}
}

@misc{ibm_guide_lines,
  title = {Disabled states},
  author={IBm},
  howpublished = {\url{https://carbondesignsystem.com/patterns/disabled-states/}},
  note = {Dostęp: 2022.11.10},
  key={X}
}


@misc{no_disabled,
  title = {Why you shouldn’t include disabled interaction elements in your design system},
  author={Chris Atherton},
  howpublished = {\url{https://uxdesign.cc/why-you-shouldnt-include-disabled-interaction-elements-in-your-design-system-76a2d4307faf}},
  note = {Dostęp: 2022.11.10},
  key={Y}
}

@misc{py310dcls,
  title = {Python 3.10: new dataclass features},
  author={Eric Smith},
  howpublished = {\url{https://www.trueblade.com/blogs/news/python-3-10-new-dataclass-features}},
  note = {Dostęp: 2022.11.12},
  key={U}
}

@misc{dataclassy,
  title = {Dataclassy: An enhanced, tiny reimplementation of dataclasses. Backwards compatible to Python 3.6},
  author={biqqles},
  howpublished = {\url{https://github.com/biqqles/dataclassy}},
  note = {Dostęp: 2022.11.12},
  key={O}
}

@misc{attrs,
  title = {attrs: Classes Without Boilerplate},
  author={Hynek Schlawack},
  howpublished = {\url{https://www.attrs.org/}},
  note = {Dostęp: 2022.11.12},
  key={N}
}
