
@book{CORMEN,
  title={Wprowadzenie do algorytmów},
  author={T.H. Cormen and C.E. Leiserson and R.L. Rivest and C.S. Stein},
  publisher={Wydawnictwo Naukowe PWN},
  year={2012},
  address={Warszawa}
}

@article{DIJ,
  title={A note on two problems in connexion with graphs},
  author={E.W. Dijkstra},
  journal={Numerische Mathematik},
  year={1959},
  volume={1},
  pages={269–271}
}

@book{JAW&ZIAD,
  title={Profesjonale programowanie w Pythone, Poziom ekspert},
  author={M. Jaworski and T. Ziad\'e},
  publisher={Wydawnictwo Helion},
  year={2017},
  address={Gliwice},
  note={Wydanie II}
}

@book{KOR&LYCZ,
  title={Matematyka dyskretna dla informatyków},
  author={W. Kordecki and A. Łyczkowska-Hanćkowiak},
  publisher={Wydawnictwo Helion},
  year={2018},
  address={Gliwice}
}


@book{WOJ&PIEN,
  title={Grafy i sieci},
  author={Wojciechowski, J. and Pieńkowski, K.},
  publisher={Wydawnictwo Naukowe PWN},
  year={2013},
  address={Gliwice}
}

@misc{wiki_mosty,
  title = {Zagadnienie mostów królewieckich},
  author={},
  howpublished = {\url{https://pl.wikipedia.org/wiki/Zagadnienie\_mostów\_królewieckich}},
  note = {Dostęp: 2020-06-07},
  key={Z}
}
