@misc{flask,
	author = "Pallets",
	title = "Flask | The Pallets Projects",
	howpublished="\url{https://palletsprojects.com/p/flask/}",
	note = "Dostęp 2022-12-28"
}


@misc{alchemy,
	author = "{{SQLAlchemy authors {and} contributors}}",
	title = "SQLAlchemy - The Database Toolkit for Python",
	howpublished="\url{https://www.sqlalchemy.org/}",
	note = "Dostęp 2022-12-30"
}


@misc{cattrs,
	author = "Tin Tvrtković",
	title = "cattrs: Complex custom class converters for attrs",
	howpublished="\url{https://catt.rs/}",
	note = "Dostęp 2023-01-07"
}
